%YAML 1.1
%TAG !u! tag:unity3d.com,2011:
--- !u!1001 &100100000
Prefab:
  m_ObjectHideFlags: 1
  serializedVersion: 2
  m_Modification:
    m_TransformParent: {fileID: 0}
    m_Modifications: []
    m_RemovedComponents: []
  m_ParentPrefab: {fileID: 0}
  m_RootGameObject: {fileID: 1873157513410574}
  m_IsPrefabParent: 1
--- !u!1 &1873157513410574
GameObject:
  m_ObjectHideFlags: 0
  m_PrefabParentObject: {fileID: 0}
  m_PrefabInternal: {fileID: 100100000}
  serializedVersion: 5
  m_Component:
  - component: {fileID: 4136543203586532}
  - component: {fileID: 218772482077597436}
  - component: {fileID: 154592895279998658}
  - component: {fileID: 114804459539083370}
  m_Layer: 0
  m_Name: Terrain Mark 2
  m_TagString: Untagged
  m_Icon: {fileID: 0}
  m_NavMeshLayer: 0
  m_StaticEditorFlags: 4294967295
  m_IsActive: 1
--- !u!4 &4136543203586532
Transform:
  m_ObjectHideFlags: 1
  m_PrefabParentObject: {fileID: 0}
  m_PrefabInternal: {fileID: 100100000}
  m_GameObject: {fileID: 1873157513410574}
  m_LocalRotation: {x: 0, y: 0, z: 0, w: 1}
  m_LocalPosition: {x: 0, y: 0, z: 0}
  m_LocalScale: {x: 1, y: 1, z: 1}
  m_Children: []
  m_Father: {fileID: 0}
  m_RootOrder: 0
  m_LocalEulerAnglesHint: {x: 0, y: 0, z: 0}
--- !u!114 &114804459539083370
MonoBehaviour:
  m_ObjectHideFlags: 1
  m_PrefabParentObject: {fileID: 0}
  m_PrefabInternal: {fileID: 100100000}
  m_GameObject: {fileID: 1873157513410574}
  m_Enabled: 1
  m_EditorHideFlags: 0
  m_Script: {fileID: 11500000, guid: 4b9645a4fc3b4024db89c3af567248b7, type: 3}
  m_Name: 
  m_EditorClassIdentifier: 
  toolModeInt: 2
  erosionTypeInt: 0
  generatorTypeInt: 2
  isBrushOn: 0
  isBrushHidden: 0
  isBrushPainting: 0
  brushPosition: {x: 0, y: 0, z: 0}
  brushSize: 50
  brushOpacity: 1
  brushSoftness: 0.5
  neighbourhoodInt: 0
  useDifferenceMaps: 1
  thermalIterations: 25
  thermalMinSlope: 1
  thermalFalloff: 0.5
  hydraulicTypeInt: 0
  hydraulicIterations: 25
  hydraulicMaxSlope: 60
  hydraulicFalloff: 0.5
  hydraulicRainfall: 0.01
  hydraulicEvaporation: 0.5
  hydraulicSedimentSolubility: 0.01
  hydraulicSedimentSaturation: 0.1
  hydraulicVelocityRainfall: 0.01
  hydraulicVelocityEvaporation: 0.5
  hydraulicVelocitySedimentSolubility: 0.01
  hydraulicVelocitySedimentSaturation: 0.1
  hydraulicVelocity: 20
  hydraulicMomentum: 1
  hydraulicEntropy: 0
  hydraulicDowncutting: 0.1
  tidalIterations: 25
  tidalSeaLevel: 50
  tidalRangeAmount: 5
  tidalCliffLimit: 60
  windIterations: 25
  windDirection: 0
  windForce: 0.5
  windLift: 0.01
  windGravity: 0.5
  windCapacity: 0.01
  windEntropy: 0.1
  windSmoothing: 0.25
  slopeBlendMinAngle: 30
  slopeBlendMaxAngle: 35
  heightBlendPoints:
  - 0.03265306
  - 0.075510204
  - 0.1734694
  - 0.33877552
  - 0.41836736
  - 0.46530613
  gradientStyles: []
  voronoiTypeInt: 0
  voronoiCells: 16
  voronoiFeatures: 1
  voronoiScale: 1
  voronoiBlend: 1
  diamondSquareDelta: 0.5
  diamondSquareBlend: 1
  perlinFrequency: 4
  perlinAmplitude: 0.097
  perlinOctaves: 7
  perlinBlend: 0.313
  smoothBlend: 1
  smoothIterations: 0
  normaliseMin: 0
  normaliseMax: 1
  normaliseBlend: 1
--- !u!154 &154592895279998658
TerrainCollider:
  m_ObjectHideFlags: 1
  m_PrefabParentObject: {fileID: 0}
  m_PrefabInternal: {fileID: 100100000}
  m_GameObject: {fileID: 1873157513410574}
  m_Material: {fileID: 0}
  m_Enabled: 1
  m_TerrainData: {fileID: 15600000, guid: 619edace8b5d73b49b2f74264a5e9372, type: 2}
  m_EnableTreeColliders: 1
--- !u!218 &218772482077597436
Terrain:
  m_ObjectHideFlags: 1
  m_PrefabParentObject: {fileID: 0}
  m_PrefabInternal: {fileID: 100100000}
  m_GameObject: {fileID: 1873157513410574}
  m_Enabled: 1
  serializedVersion: 3
  m_TerrainData: {fileID: 15600000, guid: 619edace8b5d73b49b2f74264a5e9372, type: 2}
  m_TreeDistance: 2000
  m_TreeBillboardDistance: 50
  m_TreeCrossFadeLength: 5
  m_TreeMaximumFullLODCount: 50
  m_DetailObjectDistance: 80
  m_DetailObjectDensity: 1
  m_HeightmapPixelError: 5
  m_SplatMapDistance: 1000
  m_HeightmapMaximumLOD: 0
  m_CastShadows: 1
  m_DrawHeightmap: 1
  m_DrawTreesAndFoliage: 1
  m_ReflectionProbeUsage: 1
  m_MaterialType: 0
  m_LegacySpecular:
    serializedVersion: 2
    rgba: 4286545791
  m_LegacyShininess: 0.078125
  m_MaterialTemplate: {fileID: 0}
  m_BakeLightProbesForTrees: 1
  m_ScaleInLightmap: 0.0512
  m_LightmapParameters: {fileID: 15203, guid: 0000000000000000f000000000000000, type: 0}
